@Article{Xu2001,
author="Xu, Song",
title="Smoothing Method for Minimax Problems",
journal="Computational Optimization and Applications",
year="2001",
month="Dec",
day="01",
volume="20",
number="3",
pages="267--279",
abstract="In this paper, we propose a smoothing method for minimax problem. The method is based on the exponential penalty function of Kort and Bertsekas for constrained optimization. Under suitable condition, the method is globally convergent. Preliminary numerical experiments indicate the promising of the algorithm.",
issn="1573-2894",
doi="10.1023/A:1011211101714",
url="https://doi.org/10.1023/A:1011211101714"
}

